<record><leader>00000cas a2200000 a 4500</leader><controlfield tag="001">28570769</controlfield><controlfield tag="008">930805d19881993iluwr ne      0   a0eng c</controlfield><datafield ind1=" " ind2=" " tag="010"><subfield code="a">sn 93055954 </subfield></datafield><datafield ind1=" " ind2=" " tag="040"><subfield code="a">NVF</subfield><subfield code="b">eng</subfield><subfield code="c">NVF</subfield><subfield code="d">OCLCQ</subfield><subfield code="d">CVF</subfield><subfield code="d">NVF</subfield><subfield code="d">OCLCQ</subfield><subfield code="d">NVF</subfield><subfield code="d">OCLCO</subfield><subfield code="d">OCLCF</subfield></datafield><datafield ind1="1" ind2=" " tag="029"><subfield code="a">AU@</subfield><subfield code="b">000025850565</subfield></datafield><datafield ind1=" " ind2=" " tag="042"><subfield code="a">pcc</subfield></datafield><datafield ind1=" " ind2=" " tag="043"><subfield code="a">n-us-il</subfield></datafield><datafield ind1="0" ind2="0" tag="245"><subfield code="a">Stockton/Warren gazette.</subfield></datafield><datafield ind1="3" ind2=" " tag="246"><subfield code="a">Stockton Warren gazette</subfield></datafield><datafield ind1=" " ind2=" " tag="260"><subfield code="a">Stockton, Ill. :</subfield><subfield code="b">P. Carter Newton,</subfield><subfield code="c">1988-1993.</subfield></datafield><datafield ind1=" " ind2=" " tag="300"><subfield code="a">volumes</subfield></datafield><datafield ind1=" " ind2=" " tag="310"><subfield code="a">Weekly</subfield></datafield><datafield ind1="0" ind2=" " tag="362"><subfield code="a">Vol. 101, no. 10 (Mar. 9, 1988)-v. 106, no. 13 (Mar. 31, 1993).</subfield></datafield><datafield ind1=" " ind2=" " tag="580"><subfield code="a">Formed by the union of: Stockton herald-news and: Warren sentinel-leader (Warren, Ill. : 1983).</subfield></datafield><datafield ind1=" " ind2=" " tag="580"><subfield code="a">Merged with: Galena gazette and advertiser, to form: North western gazette.</subfield></datafield><datafield ind1=" " ind2="0" tag="651"><subfield code="a">Stockton (Ill.)</subfield><subfield code="v">Newspapers.</subfield></datafield><datafield ind1=" " ind2="0" tag="651"><subfield code="a">Warren (Ill.)</subfield><subfield code="v">Newspapers.</subfield></datafield><datafield ind1=" " ind2="7" tag="655"><subfield code="a">Newspapers.</subfield><subfield code="2">fast</subfield><subfield code="0">(OCoLC)fst01423814</subfield></datafield><datafield ind1=" " ind2="7" tag="651"><subfield code="a">Illinois</subfield><subfield code="z">Stockton.</subfield><subfield code="2">fast</subfield><subfield code="0">(OCoLC)fst01888138</subfield></datafield><datafield ind1=" " ind2="7" tag="651"><subfield code="a">Illinois</subfield><subfield code="z">Warren.</subfield><subfield code="2">fast</subfield><subfield code="0">(OCoLC)fst01926170</subfield></datafield><datafield ind1=" " ind2=" " tag="752"><subfield code="a">United States</subfield><subfield code="b">Illinois</subfield><subfield code="c">Jo Daviess County</subfield><subfield code="d">Stockton.</subfield></datafield><datafield ind1="1" ind2="4" tag="780"><subfield code="t">Stockton herald-news</subfield><subfield code="w">(DLC)sn 93055953</subfield><subfield code="w">(OCoLC)28570677</subfield></datafield><datafield ind1="1" ind2="4" tag="780"><subfield code="t">Warren sentinel-leader (Warren, Ill. : 1983)</subfield><subfield code="w">(DLC)sn 87082198</subfield><subfield code="w">(OCoLC)15193976</subfield></datafield><datafield ind1="1" ind2="7" tag="785"><subfield code="t">Galena gazette and advertiser</subfield><subfield code="w">(DLC)sn 93055941</subfield><subfield code="w">(OCoLC)28464013</subfield></datafield><datafield ind1="1" ind2="7" tag="785"><subfield code="t">North western gazette</subfield><subfield code="w">(DLC)sn 94060626</subfield><subfield code="w">(OCoLC)31723202</subfield></datafield></record>